@article{Chan2009,
    author   = "Joshua Chan and Ivan Jeliazkov",
    title    = "Efficient Simulation and Integrated Likelihood Estimation in State Space Models",
    journal  = "International Journal of Mathematical Modelling and Numerical Optimisation",
    volume   = "1",
    number   = "1-2",
    pages    = "101-120",
    year     = "2009",
}

